
%%% %%% %%% Examples %%% %%% %%%

% @Article{ArticleName,
%     author                 ={temp},
%     title                  ={temp},
%     journal                ={temp},
%     year                   ={0000},
%     volume                 ={},
%     pages                  ={},
%     abstract               ={},
%     issn                   ={},
%     doi                    ={},
%     url                    ={\url{}}
% }

% @book{myTitle,
%     Title                  = {temp},
%     Author                 = {temp},
%     Publisher              = {temp},
%     Edition                = {},
%     Pages                  = {},
%     Language               = {},
%     Organization           = {},
%     Year                   = {0000},
%     Month                  = {},
%     howpublished           = {},
%     Note                   = {}
% }

% @misc{website:Title,
%     Title                  = {temp},
%     Author                 = {},
%     Publisher              = {},
%     Edition                = {},
%     Pages                  = {},
%     Language               = {},
%     Organization           = {},
%     Year                   = {},
%     Month                  = {},
%     howpublished           = {\url{}},
%     urldate                = {},
%     Note                   = {}
% }

% @online{online-resource:Title,
%   author                   = {},
%   title                    = {},
%   year                     = {},
%   url                      = {},
%   language                 = {},
%   organization             = {},
%   urldate                  = {},
% }

%%% %%% %%% Examples %%% %%% %%%

@online{vancouver,
  author          = {Wikipedia},
  title           = {vancouver reference system},
  year            = {2015},
  url             = {http://en.wikipedia.org/wiki/Vancouver_system},
  language        = {English},
  organization    = {Wikipedia},
  urldate         = {2017-11-30}
}

@article{benton2016improving,
  title     = {Improving testability and reuse by transitioning to functional programming},
  author    = {Benton, Morgan C and Radziwill, Nicole M},
  journal   = {arXiv preprint arXiv:1606.06704},
  year      = {2016},
  url       = {https://arxiv.org/pdf/1606.06704.pdf}
}

@article{hudak1989conception,
  title     = {Conception, evolution, and application of functional programming languages},
  author    = {Hudak, Paul},
  journal   = {ACM Computing Surveys (CSUR)},
  volume    = {21},
  number    = {3},
  pages     = {359--411},
  year      = {1989},
  url       = {https://cse.sc.edu/~mgv/csce330f15/haskell/p359-hudak.pdf},
  publisher = {ACM}
}

@article{green1996usability,
  title     = {Usability Analysis of Visual Programming Environments: A 'Cognitive Dimensions' Framework},
  author    = {Green, Thomas R. G. and Petre, Marian and others},
  journal   = {Journal of visual languages and computing},
  volume    = {7},
  number    = {2},
  pages     = {131--174},
  year      = {1996}
}

@article{blow2004game,
  title     = {Game development: Harder than you think},
  author    = {Blow, Jonathan},
  journal   = {Queue},
  volume    = {1},
  number    = {10},
  pages     = {28},
  year      = {2004},
  url       = {http://faculty.salisbury.edu/~xswang/Research/papers/game/queuefeb04/blow.pdf},
  publisher = {ACM}
}

@inproceedings{kurtev2016discount,
  title         = {Discount method for programming language evaluation},
  author        = {Kurtev, Svetomir and Christensen, Tommy Aagaard and Thomsen, Bent},
  booktitle     = {Proceedings of the 7th International Workshop on Evaluation and Usability of Programming Languages and Tools},
  pages         = {1--8},
  year          = {2016},
  url           = {https://projekter.aau.dk/projekter/files/239518386/report.pdf},
  organization  = {ACM}
}

@article{ampatzoglou2007evaluation,
  title     = {Evaluation of object-oriented design patterns in game development},
  author    = {Ampatzoglou, Apostolos and Chatzigeorgiou, Alexander},
  journal   = {Information and Software Technology},
  volume    = {49},
  number    = {5},
  pages     = {445--454},
  year      = {2007},
  url       =  {http://faculty.salisbury.edu/~xswang/Research/papers/game/queuefeb04/blow.pdf},
  publisher = {Elsevier}
}

@inproceedings{messaoudi2015dissecting,
  title         = {Dissecting games engines: The case of Unity3D},
  author        = {Messaoudi, Farouk and Simon, Gwendal and Ksentini, Adlen},
  booktitle     = {Proceedings of the 2015 International Workshop on Network and Systems Support for Games},
  pages         = {4},
  year          = {2015},
  url           = {https://perso.telecom-bretagne.eu/gwendalsimon/data/messaoudi15netgames.pdf},
  organization  = {IEEE Press}
}

@article{hughes1989functional,
  title     = {Why functional programming matters},
  author    = {Hughes, John},
  journal   = {The computer journal},
  volume    = {32},
  number    = {2},
  pages     = {98--107},
  year      = {1989},
  url       = {https://academic.oup.com/comjnl/article-pdf/32/2/98/1445644/320098.pdf},
  publisher = {Oxford University Press}
}

@inproceedings{wadler1992essence,
  title         = {The essence of functional programming},
  author        = {Wadler, Philip},
  booktitle     = {Proceedings of the 19th ACM SIGPLAN-SIGACT symposium on Principles of programming languages},
  pages         = {1--14},
  year          = {1992},
  url           = {http://citeseerx.ist.psu.edu/viewdoc/download?doi=10.1.1.41.9361&rep=rep1&type=pdf},
  organization  = {ACM}
}

@book{mac2013categories,
  title     = {Categories for the working mathematician},
  author    = {Mac Lane, Saunders},
  volume    = {5},
  year      = {2013},
  publisher = {Springer Science \& Business Media}
}

@online{haskell-wiki:monad,
  author        = {{Haskell Wiki}},
  title         = {Monad},
  year          = {2017},
  url           = {https://wiki.haskell.org/Monad},
  language      = {English},
  organization  = {HaskellWiki},
  urldate       = {2018-09-19}
}

@online{lippert-blog:monad,
  author        = {Eric Lippert},
  title         = {Monads, part one},
  year          = {2013},
  url           = {https://ericlippert.com/2013/02/21/monads-part-one/},
  language      = {English},
  urldate       = {2018-09-19}
}

@online{haskell-wiki:monad-laws,
  author        = {HaskellWiki},
  title         = {Monad Laws},
  year          = {2017},
  url           = {https://wiki.haskell.org/Monad_laws},
  language      = {English},
  organization  = {HaskellWiki},
  urldate       = {2018-09-19}
}

@online{frisby-mostly-adequate:guide-to-functional-programming,
  author        = {Professor Franklin Frisby},
  title         = {Professor Frisby's Mostly Adequate Guide to Functional Programming},
  year          = {2018},
  url           = {https://mostly-adequate.gitbooks.io/mostly-adequate-guide/content/},
  language      = {English},
  organization  = {Mostly Adequate},
  urldate       = {2018-09-21}
}

@article{moseley2006out,
  title     = {Out of the tar pit},
  author    = {Moseley, Ben and Marks, Peter},
  journal   = {Software Practice Advancement (SPA)},
  volume    = {2006},
  url       = {http://moss.cs.iit.edu/cs100/papers/out-of-the-tar-pit.pdf},
  year      = {2006}
}

@online{milewski:pure-functions-laziness-io-monads,
  author                   = {Bartosz Milewski},
  title                    = {{3. Pure Functions, Laziness, I/O, and Monads}},
  year                     = {2014},
  url                      = {https://www.schoolofhaskell.com/school/starting-with-haskell/basics-of-haskell/3-pure-functions-laziness-io},
  language                 = {English},
  organization             = {School of Haskell},
  urldate                  = {2018-09-21}
}

@book{rosen2011discrete,
  title         = {Discrete mathematics and its applications},
  author        = {Rosen, Kenneth H},
  year          = {2011},
  publisher     = {New York: McGraw-Hill}
}

@online{nu:github,
  Title          = {Nu},
  Author         = {Bryan Edds},
  Publisher      = {Github},
  Pages          = {1},
  Language       = {English},
  Year           = {2017},
  Month          = {3},
  url            = {https://github.com/bryanedds/Nu},
  urldate        = {2018-09-21}
}
@online{nu:pdf,
  Title          = {Nu Game Engine},
  Author         = {Bryan Edds},
  Publisher      = {Github},
  Pages          = {40},
  Language       = {English},
  Year           = {2018},
  Month          = {9},
  url            = {https://github.com/bryanedds/Nu/blob/master/Nu/Nu.Documentation/Nu%20Game%20Engine.pdf},
  urldate        = {2018-09-25}
}
@online{helm:github,
  Title          = {helm},
  Author         = {Zack Corr},
  Publisher      = {Github},
  Pages          = {1},
  Language       = {English},
  Year           = {2017},
  Month          = {7},
  url            = {https://github.com/z0w0/helm},
  urldate        = {2018-09-21}
}

@online{helm:wiki,
  Title      = {helm: A functionally reactive game engine},
  Author     = {Zack Corr},
  Publisher  = {Hackage},
  Pages      = {1},
  Language   = {English},
  Year       = {2016},
  Month      = {10},
  url        = {http://hackage.haskell.org/package/helm},
  urldate    = {2018-09-25}
}

@online{libsdl:about,
  Title                  = {About SDL},
  Author                 = {Julian Winter},
  Pages                  = {1},
  Language               = {English},
  year                   = {2018},
  url                    = {https://www.libsdl.org/index.php},
  urldate                = {2018-09-21}
}

@online{arcadia:github,
  Title                  = {Arcadia: Clojure in Unity},
  Author                 = {Ramsay Nasser \& Tim Gardner},
  Publisher              = {Github},
  Pages                  = {1},
  Language               = {English},
  Year                   = {2017},
  Month                  = {2},
  url                    = {https://github.com/arcadia-unity/Arcadia},
  urldate                = {2018-09-25}
}
@online{arcadia:usage,
  Title                  = {Arcadia: Usage},
  Author                 = {Ramsay Nasser \& Tim Gardner},
  Publisher              = {Github},
  Pages                  = {1},
  Language               = {English},
  Year                   = {2018},
  Month                  = {5},
  url                    = {https://github.com/arcadia-unity/Arcadia/blob/develop/USAGE.md},
  urldate                = {2018-09-25}
}

@online{arcadia:clr,
  Title                  = {clojure-clr: A port of Clojure to the CLR, part of the Clojure project},
  Author                 = {David Miller},
  Publisher              = {Github},
  Pages                  = {1},
  Language               = {English},
  Year                   = {2014},
  Month                  = {6},
  url                    = {https://github.com/arcadia-unity/clojure-clr},
  urldate                = {2018-09-25}
}

@online{gamasutra:c++functional,
  Title                  = {{In-depth: Functional programming in C++}},
  Author                 = {John Carmack},
  Publisher              = {Gamasutra},
  Pages                  = {1},
  Language               = {English},
  Year                   = {2012},
  Month                  = {4},
  url                    = {https://www.gamasutra.com/view/news/169296/Indepth_Functional_programming_in_C.php},
  urldate                = {2018-09-21}
}

%List of games on github
@online{gitgames,
  author          = {Lee Reilly},
  title           = {Games on GitHub},
  year            = {2015},
  url             = {https://github.com/leereilly/games},
  language        = {English},
  organization    = {GitHub},
  urldate         = {2018-09-25}
}
@inproceedings{Anderson:2008:CRG:1496984.1497031,
  author     = {Anderson, Eike Falk and Engel, Steffen and Comninos, Peter and McLoughlin, Leigh},
  title      = {The Case for Research in Game Engine Architecture},
  booktitle  = {Proceedings of the 2008 Conference on Future Play: Research, Play, Share},
  series     = {Future Play '08},
  year       = {2008},
  isbn       = {978-1-60558-218-4},
  location   = {Toronto, Ontario, Canada},
  pages      = {228--231},
  numpages   = {4},
  url        = {http://doi.acm.org/10.1145/1496984.1497031},
  acmid      = {1497031},
  publisher  = {ACM},
  address    = {New York, NY, USA},
  keywords   = {entertainment systems, game engine, game engine architecture}
}

@INPROCEEDINGS{anderson@2011:scripting-classes,
  author      = {E. F. Anderson},
  booktitle   = {2011 Third International Conference on Games and Virtual Worlds for Serious Applications},
  title       = {A Classification of Scripting Systems for Entertainment and Serious Computer Games},
  year        = {2011},
  volume      = {},
  number      = {},
  pages       = {47-54},
  month       = {5}
}

@article{amador2014jot,
  title     = {JOT: A Modular Multi-purpose Minimalistic Massively Multiplayer Online Game Engine},
  author    = {Amador, Gon{\c{c}}alo NP and Gomes, Abel JP},
  url       = {http://vj2016.di.ubi.pt/Amador_JOT_57-62.pdf},
  year      = {2014}
}

@article{nilson2007game,
  title     = {Game Engine Architecture},
  author    = {Nilson, Bj{\"o}rn and S{\"o}derberg, Martin},
  journal   = {M{\"a}lardalen University},
  url       = {http://www.idt.mdh.se/kurser/cd5130/jgms/2007lp4/report9.pdf},
  year      = {2007}
}

@book{gould2003complete,
  title     = {Complete Maya Programming: An Extensive Guide to MEL and C++ API},
  author    = {Gould, D.},
  isbn      = {9781558608351},
  lccn      = {2002111021},
  series    = {Complete Maya Programming: An In-depth Guide to 3D Fundamentals, Geometry, and Modeling},
  url       = {https://books.google.dk/books?id=zljjFzxsc8IC},
  year      = {2003},
  publisher = {Elsevier Science}
}

@inproceedings{korn1994ksh,
  title     = {ksh: An extensible high level language},
  author    = {Korn, David G},
  booktitle = {Very High Level Languages Symposium (VHLL)},
  url       = {https://www.usenix.org/legacy/publications/library/proceedings/vhll/full_papers/korn.ksh.a},
  pages     = {129--146},
  year      = {1994}
}

@inproceedings{mcculloch2005rage,
  title         = {RAGE: a multiplatform game engine},
  author        = {McCulloch, Leigh and Hofman, Adrian and Tulip, Jim and Antolovich, Michael},
  booktitle     = {Proceedings of the second Australasian conference on Interactive entertainment},
  pages         = {129--131},
  year          = {2005},
  organization  = {Creativity \& Cognition Studios Press}
}

@article{sestoft2013microbenchmarks,
  title     = {Microbenchmarks in Java and C\#},
  author    = {Sestoft, Peter},
  journal   = {Lecture Notes, Sept},
  url       = {https://itu.dk/~sestoft/papers/benchmarking.pdf},
  year      = {2013}
}

@article{sestoft2010numeric,
  title     = {Numeric performance in C, C\# and Java},
  author    = {Sestoft, Peter},
  journal   = {IT University of Copenhagen Denmark, Version 0.9},
  volume    = {1},
  url       = {http://www.itu.dk/~sestoft/papers/numericperformance.pdf},
  year      = {2010}
}

@inproceedings{Walter:2011:IDL:2071423.2071475,
  author     = {Walter, Robert and Masuch, Maic},
  title      = {How to Integrate Domain-specific Languages into the Game Development Process},
  booktitle  = {Proceedings of the 8th International Conference on Advances in Computer Entertainment Technology},
  series     = {ACE '11},
  year       = {2011},
  isbn       = {978-1-4503-0827-4},
  location   = {Lisbon, Portugal},
  pages      = {42:1--42:8},
  articleno  = {42},
  numpages   = {8},
  url        = {http://doi.acm.org/10.1145/2071423.2071475},
  acmid      = {2071475},
  publisher  = {ACM},
  address    = {New York, NY, USA},
  keywords   = {domain-specific language, game development, language engineering, model-driven software development}
}

@online{EpicGamesRepo,
  author    = {{Epic Games}},
  title     = {Unreal Engine},
  year      = {2014},
  publisher = {GitHub},
  journal   = {GitHub repository},
  url       = {https://github.com/EpicGames/UnrealEngine}
}

@online{awsRepo,
  author    = {{Amazon Web Service}},
  title     = {lumberyard},
  year      = {2017},
  publisher = {GitHub},
  journal   = {GitHub repository},
  url       = {https://github.com/aws/lumberyard}
}

@online{wiki:Frostbite,
  author    = {{Wikipedia}},
  title     = {Frostbite (game engine)},
  year      = {2007},
  url       = {https://en.wikipedia.org/wiki/Frostbite_(game_engine)},
  urldate   = {2018-09-27}
}

@online{wiki:Unity3D,
  author    = {{Wikipedia}},
  title     = {Unity (game engine)},
  year      = {2007},
  url       = {https://en.wikipedia.org/wiki/Unity_(game_engine)},
  urldate   = {2018-09-27}
}

@online{gamasutra:scumm,
  author          = {Mike Bevan},
  title           = {{The SCUMM Diary: Stories behind one of the greatest game engines ever made}},
  year            = {2013},
  url             = {http://www.gamasutra.com/view/feature/196009/the_scumm_diary_stories_behind_.php},
  language        = {English},
  organization    = {Gamasutra},
  urldate         = {2018-09-27}
}

@online{gamasutra:EngineSurvey,
  author          = {Mark DeLoura},
  title           = {The Engine Survey: Technology Results},
  year            = {2009},
  url             = {http://www.gamasutra.com/blogs/MarkDeLoura/20090316/903/The%20En%20gine%20Survey%20Technology%20Results.php}  ,
  language        = {English},
  organization    = {Gamasutra},
  urldate         = {2018-09-28}
}

@online{freelancer:EngineLanguages,
  author          = {Ruchi Bhargrava},
  title           = {What Is the Best Programming Language For Games},
  year            = {2017},
  url             = {https://www.freelancer.com/community/articles/what-is-the-best-programming-language-for-games},
  language        = {English},
  organization    = {Freelancer},
  urldate         = {2018-09-28}
}

@online{pcgamersn:Minecraftinc++,
  author          = {Jeremy Peel},
  title           = {Microsoft are leaving the Minecraft you know behind},
  year            = {2017},
  url             = {https://www.pcgamesn.com/minecraft/microsoft-minecraft-java-edition},
  language        = {English},
  organization    = {PCGamersN},
  urldate         = {2018-09-28}
}

@online{youtubeJonathanBlow,
  title           = {Ideas about a new programming language for games.},
  date            = {2014},
  organization    = {Youtube},
  author          = {Jonathan Blow},
  url             = {https://youtu.be/TH9VCN6UkyQ?t=5m57s}
}

@online{gamasutra:MemoryHandling,
  author          = {Michael Kissner},
  title           = {Writing a Game Engine from Scratch - Part 2: Memory},
  year            = {2015},
  url             = {http://www.gamasutra.com/blogs/MichaelKissner/20151104/258271/Writing_a_Game_Engine_from_Scratch__Part_2_Mem  ory.php},
  language        = {English},
  organization    = {Gamasutra},
  urldate         = {2018-09-28}
}

@inproceedings{sheard1998using,
  title         = {{Using MetaML: A staged programming language}},
  author        = {Sheard, Tim},
  booktitle     = {International School on Advanced Functional Programming},
  pages         = {207--239},
  year          = {1998},
  url           = {http://citeseerx.ist.psu.edu/viewdoc/download?doi=10.1.1.52.566&rep=rep1&type=pdf},
  organization  = {Springer}
}
@inproceedings{sheard2002template,
  title         = {Template meta-programming for Haskell},
  author        = {Sheard, Tim and Jones, Simon Peyton},
  booktitle     = {Proceedings of the 2002 ACM SIGPLAN workshop on Haskell},
  pages         = {1--16},
  year          = {2002},
  url           = {https://www.cs.tufts.edu/comp/150PLD/Papers/TemplateHaskell.pdf},
  organization  = {ACM}
}
@inproceedings{rompf2010lightweight,
  title         = {Lightweight modular staging: a pragmatic approach to runtime code generation and compiled DSLs},
  author        = {Rompf, Tiark and Odersky, Martin},
  booktitle     = {Acm Sigplan Notices},
  volume        = {46},
  number        = {2},
  pages         = {127--136},
  year          = {2010},
  url           = {https://infoscience.epfl.ch/record/150347/files/gpce63-rompf.pdf},
}
@book{lammel2003scrap,
  title     = {Scrap your boilerplate: a practical design pattern for generic programming},
  author    = {L{\"a}mmel, Ralf and Jones, Simon Peyton},
  volume    = {38},
  number    = {3},
  year      = {2003},
  url       = {https://www.researchgate.net/profile/Ralf_Laemmel/publication/221282345_Scrap_Your_Boilerplate_A_Practical_Design_Pattern_for_Generic_Programming/links/0912f50dae926bcab8000000.pdf},
  publisher = {ACM}
}
@online{c++:templates,
  author          = {cppreference.com},
  title           = {Templates},
  year            = {2018},
  url             = {https://en.cppreference.com/mwiki/index.php?title=cpp/language/templates&oldid=102368},
  language        = {English},
  organization    = {cppreference.com},
  urldate         = {2018-10-02}
}
@online{c++:templates:tutorial,
  author          = {cplusplus.com},
  title           = {Templates - C++ Tutorials},
  year            = {2018},
  url             = {http://www.cplusplus.com/doc/oldtutorial/templates/},
  language        = {English},
  organization    = {cplusplus.com},
  urldate         = {2018-10-03}
}

@book{o2008real,
  title     = {Real world haskell: Code you can believe in},
  author    = {O'Sullivan, Bryan and Goerzen, John and Stewart, Donald Bruce},
  year      = {2008},
  url       = {http://darcs.realworldhaskell.org/static/00book.pdf},
  publisher = {" O'Reilly Media, Inc."}
}

@article{trinder1998algorithm+,
  title     = {Algorithm+ strategy= parallelism},
  author    = {Trinder, Philip W. and Hammond, Kevin and Loidl, H-W and Jones, SL Peyton},
  journal   = {Journal of functional programming},
  volume    = {8},
  number    = {1},
  pages     = {23--60},
  year      = {1998},
  url       = {https://www.cambridge.org/core/services/aop-cambridge-core/content/view/24CE696A9E76AEA63C2D6132BE25FC09/S0956796897002967a.pdf/algorithm_strategy_parallelism.pdf},
  publisher = {Cambridge University Press}
}

@book{Czarnecki:2000:GPM:345203,
  author     = {Czarnecki, Krzysztof and Eisenecker, Ulrich W.},
  title      = {Generative Programming: Methods, Tools, and Applications},
  year       = {2000},
  isbn       = {0-201-30977-7},
  publisher  = {ACM Press/Addison-Wesley Publishing Co.},
  address    = {New York, NY, USA},
  url        = {https://dl.acm.org/citation.cfm?id=345203}
}

@book{huttel2010transitions,
  title     = {Transitions and Trees: An Introduction to Structural Operational Semantics},
  author    = {H{\"u}ttel, Hans},
  year      = {2010},
  publisher = {Cambridge University Press}
}

@article{hierons2009using,
  title     = {Using formal specifications to support testing},
  author    = {Hierons, Robert M and Bogdanov, Kirill and Bowen, Jonathan P and Cleaveland, Rance and Derrick, John and Dick, Jeremy and Gheorghe, Marian and Harman, Mark and Kapoor, Kalpesh and Krause, Paul and others},
  journal   = {ACM Computing Surveys (CSUR)},
  volume    = {41},
  number    = {2},
  pages     = {9},
  year      = {2009},
  url       = {http://eprints.whiterose.ac.uk/78801/7/WRRO_78801.pdf},
  publisher = {ACM}
}

@inproceedings{chlipala2010ur,
  author          = {Chlipala, Adam},
  year            = {2010},
  month           = {06},
  pages           = {122-133},
  title           = {Ur: Statically-Typed Metaprogramming with Type-Level Record Computation},
  volume          = {45},
  number          = {6},
  pages           = {122--133},
  organization    = {ACM}
}

@book{czarnecki2000generative,
  title     = {Generative programming: methods, tools, and applications},
  author    = {Czarnecki, Krzysztof and Eisenecker, Ulrich W and Czarnecki, Krysztof},
  volume    = {16},
  year      = {2000},
  publisher = {Addison Wesley Reading}
}

@conference{sestoft:isola,
  author       = {Peter Sestoft},
  title        = {Programming language specification and implementation},
  year         = {2018},
  month        = {11},
  organization = {IT University of Copenhagen},
  publisher    = {ISoLA}
}

@inproceedings{nanz2013benchmarking,
  title         = {Benchmarking usability and performance of multicore languages},
  author        = {Nanz, Sebastian and West, Scott and Da Silveira, Kaue Soares and Meyer, Bertrand},
  booktitle     = {Empirical Software Engineering and Measurement, 2013 ACM/IEEE International Symposium on},
  pages         = {183--192},
  year          = {2013},
  organization  = {IEEE}
}
@inproceedings{nanz2013examining,
  title         = {Examining the expert gap in parallel programming},
  author        = {Nanz, Sebastian and West, Scott and Da Silveira, Kaue Soares},
  booktitle     = {European Conference on Parallel Processing},
  pages         = {434--445},
  year          = {2013},
  organization  = {Springer}
}

@online{gamedev:lua,
  author        = {Matheson, Ash},
  title         = {An Introduction to Lua - General and Gameplay programming},
  year          = {2003},
  month         = {4},
  url           = {https://www.gamedev.net/articles/programming/general-and-gameplay-programming/an-introduction-to-lua-r1932},
  language      = {English},
  organization  = {gamedev.net},
  urldate       = {2018-10-09}
}

@online{lua:about,
  author        = {lua.org},
  title         = {Lua: about},
  year          = {2018},
  month         = {9},
  url           = {https://www.lua.org/about.html},
  language      = {English},
  organization  = {lua.org},
  urldate       = {2018-10-09}
}

@online{godot:gdscript,
  author        = {Juan Linietsky and Ariel Manzur},
  title         = {{GDScript -- Godot Engine documentation}},
  year          = {2018},
  month         = {9},
  url           = {http://docs.godotengine.org/en/3.0/getting_started/scripting/gdscript/gdscript_basics.html},
  language      = {English},
  organization  = {Godot Community},
  urldate       = {2018-10-09}
}

@online{c:macros,
  author        = {gcc.gnu.org},
  title         = {{The C Preprocessor: Macros}},
  year          = {2018},
  month         = {10},
  url           = {https://gcc.gnu.org/onlinedocs/cpp/Macros.html},
  language      = {English},
  organization  = {gcc.gnu.org},
  urldate       = {2018-10-12}
}

@online{c:macros:object,
  author        = {gcc.gnu.org},
  title         = {The C Preprocessor: Object-like Macros},
  year          = {2018},
  month         = {10},
  url           = {https://gcc.gnu.org/onlinedocs/cpp/Object-like-Macros.html#Object-like-Macros},
  language      = {English},
  organization  = {gcc.gnu.org},
  urldate       = {2018-10-12}
}

@online{c:macros:function,
  author        = {gcc.gnu.org},
  title         = {The C Preprocessor: Function-like Macros},
  year          = {2018},
  month         = {10},
  url           = {https://gcc.gnu.org/onlinedocs/cpp/Function-like-Macros.html#Function-like-Macros},
  language      = {English},
  organization  = {gcc.gnu.org},
  urldate       = {2018-10-12}
}

@online{so:c:macros,
  author        = {Alan Storm},
  title         = {Why use Macros in C?},
  year          = {2017},
  month         = {5},
  url           = {https://stackoverflow.com/questions/1358232/why-use-macros-in-c},
  language      = {English},
  organization  = {Stack Overflow},
  urldate       = {2018-10-12}
}

@online{so:c:macros:evil,
  author        = {Mats Petersson and user1849534},
  title         = {Why are preprocessor macros evil and what are the alternatives?},
  year          = {2015},
  month         = {4},
  url           = {https://stackoverflow.com/questions/14041453/why-are-preprocessor-macros-evil-and-what-are-the-alternatives},
  language      = {English},
  organization  = {Stack Overflow},
  urldate       = {2018-10-12}
}

@online{arcadia-test:github,
  Title          = {arcadia-test},
  Author         = {Daniel van Bolhuis},
  Publisher      = {Github},
  Pages          = {1},
  Language       = {English},
  Year           = {2018},
  Month          = {10},
  url            = {https://github.com/githuis/arcadia-test},
  urldate        = {2018-10-16}
}

@online{hs-helm-flabby-shooter:github,
  Title          = {hs-helm-flabby-shooter},
  Author         = {Daniel van Bolhuis},
  Publisher      = {Github},
  Pages          = {1},
  Language       = {English},
  Year           = {2018},
  Month          = {10},
  url            = {https://github.com/spPT-2018/helm-flappy-shooter},
  urldate        = {2018-10-16}
}

@article{BinSubaih2007ASO,
  title={A survey of ‘game’portability},
  author={BinSubaih, Ahmed and Maddock, Steve and Romano, Daniela},
  journal={University of Sheffield, Tech. Rep. CS-07-05},
  year={2007},
  publisher={Citeseer}
}

@online{newzoo-games-market,
  Title          = {Newzoo Global Games Market Report 2018 | Light Version},
  Author         = {Newzoo},
  Publisher      = {Newzoo},
  Pages          = {25},
  Language       = {English},
  Year           = {2018},
  Month          = {6},
  url            = {https://newzoo.com/insights/trend-reports/newzoo-global-games-market-report-2018-light-version},
  urldate        = {2018-10-16}
}

@online{godot:languages,
  Title          = {Godot Engine - Features},
  Author         = {Juan Linietsky, Ariel Manzur and {the Godot Community}},
  Publisher      = {TuxFamily.org},
  Language       = {English},
  Year           = {2018},
  url            = {https://godotengine.org/features},
  urldate        = {2018-10-17}
}

@online{cathod-hardwire,
  author          = {Matt Blitz},
  title           = {The Unlikely Story of the First Video Game},
  year            = {2016},
  url             = {https://www.popularmechanics.com/culture/gaming/a20129/the-very-first-video-game/},
  language        = {English},
  organization    = {Popular Mechanics},
  urldate         = {2018-10-17}
}

@article{graetz1981origin,
  title={The origin of spacewar},
  author={Graetz, J Martin},
  journal={Creative Computing},
  volume={7},
  number={8},
  pages={56--67},
  year={1981}
}

@book{sherrod2006ultimate,
  title={Ultimate 3D game engine design \& architecture},
  author={Sherrod, Allen},
  year={2006},
  publisher={Charles River Media, Inc.}
}

@online{godot:funcref,
  Title          = {FuncRef -- Godot Engine latest documentation},
  Author         = {Juan Linietsky, Ariel Manzur and the Godot Community},
  Publisher      = {Read the Docs},
  Language       = {English},
  Year           = {2018},
  url            = {http://docs.godotengine.org/en/3.0/classes/class_funcref.html},
  urldate        = {2018-10-17}
}

@online{Java:Gamedev-tutorials,
  Title          = {Java Game Development Tutorials},
  Author         = {GameDesigning.org},
  Publisher      = {GameDeisgning},
  Language       = {English},
  Year           = {2018},
  url            = {https://www.gamedesigning.org/learn/java/},
  urldate        = {2018-10-17}
}

@online{cpp:vector,
  Title          = {{Boost C++ Libraries}},
  Author         = {Beman Dawes and David Abrahams},
  Publisher      = {boost.org},
  Language       = {English},
  Year           = {2018},
  url            = {https://www.boost.org/},
  urldate        = {2018-10-18}
}

@online{csharp:vector,
  Title          = {UnityCsReference/Vector3.cs},
  Author         = {{Unity Technologies}},
  Publisher      = {Github},
  Language       = {English},
  Year           = {2018},
  url            = {https://github.com/Unity-Technologies/UnityCsReference/blob/3cfc6c4729d5cacedf67a38df5de1bfffb5994a3/Runtime/Export/Vector3.cs},
  urldate        = {2018-10-18}
}

@online{lumberyard:vector,
  Title          = {lumberyard/Vector3.h},
  Author         = {John Ricchio},
  Publisher      = {Github},
  Language       = {English},
  Year           = {2018},
  url            = {https://github.com/aws/lumberyard/blob/master/dev/Code/Framework/AzCore/AzCore/Math/Vector3.h},
  urldate        = {2018-10-18}
}

@online{godot:vector,
  Title          = {godot/Vector3.h},
  Author         = {{Godot Community}},
  Publisher      = {Github},
  Language       = {English},
  Year           = {2018},
  url            = {https://github.com/godotengine/godot/blob/master/core/math/vector3.h},
  urldate        = {2018-10-18}
}

@online{system:numerics:vectors,
  Title          = {{Vector Class (System.Numerics)}},
  Author         = {MSDN},
  Publisher      = {docs.microsoft.com},
  Language       = {English},
  Year           = {2018},
  url            = {https://docs.microsoft.com/en-us/dotnet/api/system.numerics.vector?redirectedfrom=MSDN&view=netcore-2.1},
  urldate        = {2018-10-19}
}

@article{beyak2011saga,
  title         = {SAGA: A DSL for story management},
  author        = {Beyak, Lucas and Carette, Jacques},
  journal       = {arXiv preprint arXiv:1109.0776},
  year          = {2011},
  url           = {https://arxiv.org/pdf/1109.0776.pdf}
}

@article{Pfeffer2004,
  author="Pfeffer, Matthias and Ungerer, Theo and Fuhrmann, Stephan and Kreuzinger, Jochen and Brinkschulte, Uwe",
  title="Real-Time Garbage Collection for a Multithreaded Java Microcontroller",
  journal="Real-Time Systems",
  year="2004",
  month="01",
  day="01",
  volume="26",
  number="1",
  pages="89--106",
  issn="1573-1383",
  doi="10.1023/B:TIME.0000009307.23568.4b",
  url="https://doi.org/10.1023/B:TIME.0000009307.23568.4b"
}

@inproceedings{sheard2001accomplishments,
  title={Accomplishments and research challenges in meta-programming},
  author={Sheard, Tim},
  booktitle={International Workshop on Semantics, Applications, and Implementation of Program Generation},
  pages={2--44},
  year={2001},
  organization={Springer}
}

@article{vmwarmup,
  author = {Barrett, Edd and Bolz-Tereick, Carl Friedrich and Killick, Rebecca and Mount, Sarah and Tratt, Laurence},
  title = {Virtual Machine Warmup Blows Hot and Cold},
  journal = {Proc. ACM Program. Lang.},
  issue_date = {October 2017},
  volume = {1},
  number = {OOPSLA},
  month = oct,
  year = {2017},
  issn = {2475-1421},
  pages = {52:1--52:27},
  articleno = {52},
  numpages = {27},
  url = {http://doi.acm.org/10.1145/3133876},
  acmid = {3133876},
  publisher = {ACM},
  address = {New York, NY, USA},
  keywords = {JIT, Virtual machine, benchmarking, performance},
}

@online{msdn:vectors,
  author          = {Microsoft},
  title           = {{System.Numerics.Vectors}},
  year            = {2015},
  url             = {https://msdn.microsoft.com/en-us/library/dn858218(v=vs.111).aspx},
  language        = {English},
  organization    = {Microsoft},
  urldate         = {2018-10-31}
}

@online{cryengine:home,
  author          = {{Crytek GmbH}},
  title           = {CRYENGINE | The complete solution for next generation game development by Crytek},
  year            = {2018},
  url             = {https://www.cryengine.com/},
  language        = {English},
  organization    = {Crytek GmbH},
  urldate         = {2018-10-31}
}


@online{java:refl,
  author          = {Oracle},
  title           = {Trail: The Reflection API},
  year            = {2017},
  url             = {https://docs.oracle.com/javase/tutorial/reflect/index.html},
  language        = {English},
  organization    = {Oracle},
  urldate         = {2018-11-21}
}

@online{csharp:refl,
  author          = {Matt Warren},
  title           = {Why is reflection slow},
  year            = {2016},
  url             = {http://mattwarren.org/2016/12/14/Why-is-Reflection-slow/},
  language        = {English},
  urldate         = {2018-11-21}
}
@online{cryengine:languages,
  author          = {{Crytek GmbH}},
  title           = {{CRYENGINE API Reference - CRYENGINE Programming - Documentation}},
  year            = {2018},
  url             = {https://docs.cryengine.com/display/CEPROG/CRYENGINE+API+Reference},
  language        = {English},
  organization    = {Crytek GmbH},
  urldate         = {2018-10-31}
}

@article{Hornof:1999:CCR:609149.609203,
  author = {Hornof, Luke and Jim, Trevor},
  title = {Certifying Compilation and Run-Time Code Generation},
  journal = {Higher Order Symbol. Comput.},
  issue_date = {December 1999},
  volume = {12},
  number = {4},
  month = dec,
  year = {1999},
  issn = {1388-3690},
  pages = {337--375},
  numpages = {39},
  url = {https://doi.org/10.1023/A:1010039502678},
  acmid = {609203},
  publisher = {Kluwer Academic Publishers},
  address = {Hingham, MA, USA},
}

@inproceedings{Thibault:1998:SEA:829523.830979,
  author = {Thibault, S. and Consel, C. and Muller, G.},
  title = {Safe and Efficient Active Network Programming},
  booktitle = {Proceedings of the The 17th IEEE Symposium on Reliable Distributed Systems},
  series = {SRDS '98},
  year = {1998},
  isbn = {0-8186-9218-9},
  pages = {135--},
  url = {http://dl.acm.org/citation.cfm?id=829523.830979},
  acmid = {830979},
  publisher = {IEEE Computer Society},
  address = {Washington, DC, USA},
}

@online{phoronix:wslperformance,
  author          = {Michael Larabel},
  title           = {{Windows 10 WSL vs. Linux Performance For Early 2018}},
  year            = {2018},
  month           = {2},
  day             = {22},
  url             = {https://www.phoronix.com/scan.php?page=article&item=wsl-february-2018&num=1},
  language        = {English},
  organization    = {Phoronix},
  urldate         = {2018-11-08}
}

@online{IBM:Knowledgebase,
  author          = {IBM},
  year            = {2010},
  title           = {Compiled versus interpreted languages},
  url             = {https://www.ibm.com/support/knowledgecenter/zosbasics/com.ibm.zos.zappldev/zappldev_85.htm},
  language        = {English},
  organization    = {IBM},
  urldate         = {2018-11-08}
}

@online{eratosthenes:sieve,
  author           = {Wikipedia},
  title            = {Sieve of Eratosthenes},
  year             = {2018},
  month            = {10},
  url              = {https://en.wikipedia.org/wiki/Sieve_of_Eratosthenes},
  language         = {English},
  organization     = {Wikipedia},
  urldate          = {2018-11-09},
}

@inproceedings{sztipanovits2002generative,
  title={Generative programming for embedded systems},
  author={Sztipanovits, Janos and Karsai, Gabor},
  booktitle={International Conference on Generative Programming and Component Engineering},
  pages={32--49},
  year={2002},
  organization={Springer}
}

@inproceedings{czarnecki2002generative,
  title={Generative programming for embedded software: An industrial experience report},
  author={Czarnecki, Krzysztof and Bednasch, Thomas and Unger, Peter and Eisenecker, Ulrich},
  booktitle={International Conference on Generative Programming and Component Engineering},
  pages={156--172},
  year={2002},
  organization={Springer}
}

@article{pasalic2004role,
  title={The role of type equality in meta-programming},
  author={Pasalic, Emir},
  year={2004}
}

@book{wilson1995assessing,
  title={Assessing and comparing the usability of parallel programming systems},
  author={Wilson, Gregory V and Irvin, R Bruce},
  year={1995},
  publisher={Citeseer}
}


@online{fandon:scumm,
  author   = {{Gaming at Fandom}},
  title    = {{SCUMM}},
  url      = {https://gaming.fandom.com/wiki/SCUMM},
  urldate  = {2018-11-20},
  year     = {2018},
  month    = {8},
  day      = {10},
  language = {English}
}

@online{github:pca,
  author   = {Malte Rosenbjerg Andersen},
  year     = {2018},
  title    = {pca - Point-and-Click adventure},
  url      = {https://github.com/spPT-2018/pca},
  urldate  = {2018-11-20}
}

@online{game:of:life,
  author           = {Edwin Martin},
  year             = {2010},
  title            = {{John Conway's Game of Life}},
  url              = {https://bitstorm.org/gameoflife/},
  language         = {English},
  organization     = {Bitstorm.org},
  urldate          = {2018-11-13},
}

@online{wumpus:world,
  author           = {Giorgio Ingargiola},
  title            = {CIS587: The Wumpus World},
  url              = {https://cis.temple.edu/~giorgio/cis587/readings/wumpus.shtml},
  language         = {English},
  organization     = {Temple University},
  urldate          = {2018-11-14},
  year             = {2012},
  month            = {02},
  day              = {15}
}

@online{schultz:unrealscript,
  author           = {Warren Schultz},
  title            = {Unreal Engine 4 - First Look},
  year             = {2012},
  month            = {05},
  day              = {23},
  url              = {https://web.archive.org/web/20120524062935/http://gameindustry.about.com/od/trends/a/Unreal-Engine-4-First-Look.htm},
  language         = {English},
  organization     = {About.com},
  urldate          = {2018-11-15},
}

@online{unity:boo,
  author           = {{Unity Technologies}},
  title            = {Release notes},
  year             = {2015},
  month            = {03},
  day              = {03},
  url              = {https://unity3d.com/unity/whats-new/unity-5.0},
  language         = {English},
  organization     = {Unity},
  urldate          = {2018-11-15},
}

@online{fine:unityscript,
  author           = {Richard Fine},
  title            = {{UnityScript’s long ride off into the sunset}},
  year             = {2017},
  month            = {08},
  day              = {11},
  url              = {https://blogs.unity3d.com/2017/08/11/unityscripts-long-ride-off-into-the-sunset/},
  language         = {English},
  organization     = {Unity},
  urldate          = {2018-11-15},
}

@online{perkins:cryengine,
  author           = {Douglas Perkins and Willem Andreas Haan},
  title            = {{Migrating from CRYENGINE 5.3 to CRYENGINE 5.4*}},
  year             = {2018},
  month            = {03},
  day              = {20},
  url              = {https://docs.cryengine.com/pages/viewpage.action?pageId=29442413},
  language         = {English},
  organization     = {Crytek},
  urldate          = {2018-11-15},
}

@online{locurcio:gdscript,
  author           = {Hugo Locurcio},
  title            = {{Is GDScript compiled or is it interpreted at runtime}},
  year             = {2016},
  month            = {03},
  day              = {05},
  url              = {https://godotengine.org/qa/681/is-gdscript-compiled-or-is-it-interpreted-at-runtime},
  language         = {English},
  organization     = {Godot Forum},
  urldate          = {2018-11-15},
}

@article{Fleming:1986:LSC:5666.5673,
  author = {Fleming, Philip J. and Wallace, John J.},
  title = {How Not to Lie with Statistics: The Correct Way to Summarize Benchmark Results},
  journal = {Commun. ACM},
  issue_date = {March 1986},
  volume = {29},
  number = {3},
  month = mar,
  year = {1986},
  issn = {0001-0782},
  pages = {218--221},
  numpages = {4},
  url = {http://doi.acm.org/10.1145/5666.5673},
  acmid = {5673},
  publisher = {ACM},
  address = {New York, NY, USA},
}

@online{gameengine:statista,
  author           = {statista.com},
  title            = {Game engines used by video game developers UK 2014 | Statistic},
  year             = {2014},
  month            = {08},
  url              = {https://www.statista.com/statistics/321059/game-engines-used-by-video-game-developers-uk/},
  language         = {English},
  organization     = {statista.com},
  urldate          = {2018-11-16},
}

@inproceedings{ray2014large,
  title={A large scale study of programming languages and code quality in github},
  author={Ray, Baishakhi and Posnett, Daryl and Filkov, Vladimir and Devanbu, Premkumar},
  booktitle={Proceedings of the 22nd ACM SIGSOFT International Symposium on Foundations of Software Engineering},
  pages={155--165},
  year={2014},
  organization={ACM}
}

@online{gamasutra:mostUsedProgrammingLanguage,
  author           = {Josh Klint},
  title            = {What Programming Language Should You Learn to Get a Job in the Game Industry?},
  year             = {2016},
  month            = {07},
  url              = {https://www.gamasutra.com/blogs/JoshKlint/20160718/277319/What_Programming_Language_Should_You_Learn_to_Get_a_Job_in_the_Game_Industry.php},
  language         = {English},
  organization     = {Gamasutra.com},
  urldate          = {2018-11-20},
}
@online{theNextMainstreanProgrammingLanguage,
  author           = {Tim Sweeney},
  title            = {The Next Mainstream Programming Language: A Game Developer’s Perspective},
  year             = {2006},
  url              = {https://www.st.cs.uni-saarland.de/edu/seminare/2005/advanced-fp/docs/sweeny.pdf},
  language         = {English},
  organization     = {Epic Games},
  urldate          = {2018-11-20},
}

@online{blowProgrammingLanguage,
  author           = {Matt Kim},
  title            = {{Braid Creator Jonathan Blow is Creating a New Programming Language Because C++ is "Terrible"}},
  year             = {2018},
  url              = {https://www.usgamer.net/articles/braid-creator-jonathan-blow-is-creating-a-new-programming-language-because-c-is-terrible},
  language         = {English},
  organization     = {usgamer.net},
  urldate          = {2018-11-20},
}

@article{jones1989mix,
  title={Mix: a self-applicable partial evaluator for experiments in compiler generation},
  author={Jones, Neil D and Sestoft, Peter and S{\o}ndergaard, Harald},
  journal={Lisp and Symbolic computation},
  volume={2},
  number={1},
  pages={9--50},
  year={1989},
  publisher={Springer}
}

@techreport{malte2017static,
  title={Static Analysis of Anroid VPN Apps},
  author={Aagaard, Jens Birkbak and Andersen, Malte Rosenbjerg and Nielsen, Per Hedegaard},
  year={2017},
  url = {https://projekter.aau.dk/projekter/da/studentthesis/statisk-analyse-af-android-vpn-apps(bbcc6770-c973-4c9a-bb74-e7b9f3b704aa).html},
  institution={Aalborg University}
}

@inproceedings{microbenchmarkmislead,
  title={A microbenchmark case study and lessons learned},
  author={Gil, Joseph Yossi and Lenz, Keren and Shimron, Yuval},
  booktitle={Proceedings of the compilation of the co-located workshops on DSM'11, TMC'11, AGERE! 2011, AOOPES'11, NEAT'11, \& VMIL'11},
  pages={297--308},
  year={2011},
  organization={ACM}
}

@online{clojure:about,
  author           = {Tom Hickey and Rich Hickey},
  title            = {Clojure - Rationale},
  year             = {2018},
  url              = {https://clojure.org/about/rationale},
  language         = {English},
  urldate          = {2018-11-29},
}

@inproceedings{ford2004parsing,
  title={Parsing expression grammars: a recognition-based syntactic foundation},
  author={Ford, Bryan},
  booktitle={ACM SIGPLAN Notices},
  volume={39},
  number={1},
  pages={111--122},
  year={2004},
  organization={ACM}
}

@online{unreal:profiler,
  author           = {{Epic Games Inc.}},
  title            = {Profiler Tool Reference},
  year             = {2018},
  url              = {https://docs.unrealengine.com/en-us/Engine/Performance/Profiler},
  language         = {English},
  organization     = {Epic Games Inc.},
  urldate          = {2018-11-30},
}

@online{clojure2018transactions,
  author           = {Rich Hickey and Tom Hickey},
  title            = {Refs and Transactions},
  year             = {2018},
  month            = {11},
  day              = {29},
  url              = {https://clojure.org/reference/refs},
  language         = {English},
  urldate          = {2018-11-30},
}

@online{peg:js,
  author           = {David Majda},
  title            = {PEG.js - Parser Generator for JavaScript},
  year             = {2017},
  url              = {https://pegjs.org/},
  language         = {English},
  urldate          = {2018-12-04},
}

@InProceedings{physics-benchmark,
  author="Hummel, Johannes and Wolff, Robin and Stein, Tobias and Gerndt, Andreas and Kuhlen, Torsten",
  editor="Bebis, George and Boyle, Richard and Parvin, Bahram and Koracin, Darko and Fowlkes, Charless and Wang, Sen and Choi, Min-Hyung and Mantler, Stephan and Schulze, J{\"u}rgen and Acevedo, Daniel and Mueller, Klaus and Papka, Michael",
  title="An Evaluation of Open Source Physics Engines for Use in Virtual Reality Assembly Simulations",
  booktitle="Advances in Visual Computing",
  year="2012",
  publisher="Springer Berlin Heidelberg",
  address="Berlin, Heidelberg",
  pages="346--357",
  isbn="978-3-642-33191-6"
}

@incollection{blackwell2001cognitive,
  title={Cognitive dimensions of notations: Design tools for cognitive technology},
  author={Blackwell, Alan F and Britton, Carol and Cox, A and Green, Thomas RG and Gurr, Corin and Kadoda, Gada and Kutar, MS and Loomes, Martin and Nehaniv, Chrystopher L and Petre, Marian and others},
  booktitle={Cognitive technology: instruments of mind},
  pages={325--341},
  year={2001},
  publisher={Springer}
}

@online{variadic:cppreference,
  author           = {Povilas Kanapickas},
  title            = {Variadic functions},
  year             = {2018},
  url              = {https://en.cppreference.com/w/cpp/utility/variadic},
  language         = {English},
  urldate          = {2018-12-04},
}

@online{unity:monobehaviour,
  author           = {{Unity Technologies}},
  title            = {{Unity - Scripting API: MonoBehaviour}},
  year             = {2018},
  url              = {https://docs.unity3d.com/ScriptReference/MonoBehaviour.html},
  language         = {English},
  urldate          = {2018-12-04},
}

@online{unity:event,
  author           = {{Unity Technologies}},
  title            = {{Unity - Manual: UnityEvents}},
  year             = {2018},
  url              = {https://docs.unity3d.com/Manual/UnityEvents.html},
  language         = {English},
  urldate          = {2018-12-04},
}

@online{unity:coroutines,
  author           = {{Unity Technologies}},
  title            = {{Unity - Manual: Coroutines}},
  year             = {2018},
  url              = {https://docs.unity3d.com/Manual/Coroutines.html},
  language         = {English},
  urldate          = {2018-12-04},
}

@article{kemerer2009impact,
  title={The impact of design and code reviews on software quality: An empirical study based on psp data},
  author={Kemerer, Chris F and Paulk, Mark C},
  journal={IEEE transactions on software engineering},
  volume={35},
  number={4},
  pages={534--550},
  year={2009},
  publisher={IEEE}
}

@article{Kernighan1998,
  author = {Kernighan, Brian W. and Wyk, Christopher J. Van},
  title = {Timing trials, or the trials of timing: experiments with scripting and user-interface languages},
  journal = {Software: Practice and Experience},
  volume = {28},
  number = {8},
  pages = {819-843},
  url = {https://onlinelibrary.wiley.com/doi/abs/10.1002/%28SICI%291097-024X%2819980710%2928%3A8%3C819%3A%3AAID-SPE184%3E3.0.CO%3B2-O},
}

@inproceedings{kiczales1997aspect,
  title={Aspect-oriented programming},
  author={Kiczales, Gregor and Lamping, John and Mendhekar, Anurag and Maeda, Chris and Lopes, Cristina and Loingtier, Jean-Marc and Irwin, John},
  booktitle={European conference on object-oriented programming},
  pages={220--242},
  year={1997},
  organization={Springer}
}

@inproceedings{guana2015building,
  title={Building a game engine: A tale of modern model-driven engineering},
  author={Guana, Victor and Stroulia, Eleni and Nguyen, Vina},
  booktitle={Games and Software Engineering (GAS), 2015 IEEE/ACM 4th International Workshop on},
  pages={15--21},
  year={2015},
  organization={IEEE}
}

@online{youtubeAndersHejlsberg,
  title        = {{Anders Hejlsberg on Modern Compiler Construction}},
  year         = {2017},
  organization = {Youtube},
  author       = {Kasper Stolk},
  url          = {https://youtu.be/wSdV1M7n4gQ}
}

@online{nu:blazevector,
  title         = {Nu/Projects/BlazeVector at master - bryanedds/Nu},
  year          = {2018},
  month         = {9},
  organization  = {Github},
  author        = {Bryan Edds},
  url           = {https://github.com/bryanedds/Nu/tree/master/Projects/BlazeVector}
}

@book{Aho:1986:CPT:6448,
  author = {Aho, Alfred V. and Sethi, Ravi and Ullman, Jeffrey D.},
  title = {Compilers: Principles, Techniques, and Tools},
  year = {1986},
  isbn = {0-201-10088-6},
  publisher = {Addison-Wesley Longman Publishing Co., Inc.},
  address = {Boston, MA, USA},
}

@inproceedings{petrillo2010agility,
  title={Is agility out there?: agile practices in game development},
  author={Petrillo, Fabio and Pimenta, Marcelo},
  booktitle={Proceedings of the 28th ACM International Conference on Design of Communication},
  pages={9--15},
  year={2010},
  organization={ACM}
}

@inproceedings{kasurinen2013applicable,
  title={How applicable is iso/iec 29110 in game software development?},
  author={Kasurinen, Jussi and Laine, Risto and Smolander, Kari},
  booktitle={International Conference on Product Focused Software Process Improvement},
  pages={5--19},
  year={2013},
  organization={Springer}
}

@online{blow2018CppWeirdMess,
  author           = {Hayden Taylor},
  title            = {Jonathan Blow: "C++ is a weird mess"},
  year             = {2018},
  url              = {https://www.gamesindustry.biz/articles/2018-07-02-jonathan-blow-c-is-a-weird-mess},
  language         = {English},
  organization     = {gamesindustry.biz},
  urldate          = {2018-12-06},
}

@book{fowler2010domain,
  title={Domain-specific languages},
  author={Fowler, Martin},
  year={2010},
  publisher={Pearson Education}
}

@online{micro:intelliSense,
  author           = {Microsoft},
  title            = {{IntelliSense in Visual Studio}},
  year             = {2018},
  url              = {https://docs.microsoft.com/en-us/visualstudio/ide/using-intellisense?view=vs-2017},
  language         = {English},
  organization     = {Microsoft},
  urldate          = {2018-12-06},
}

@article{petre1995looking,
  title={Why looking isn't always seeing: readership skills and graphical programming},
  author={Petre, Marian},
  journal={Communications of the ACM},
  volume={38},
  number={6},
  pages={33--44},
  year={1995},
  publisher={ACM}
}

@online{apache:fluent,
  author           = {Kalnichevski Oleg, Moore, Jonathan and van Gurp, Jilles},
  title            = {{Chapter 5. Fluent API}},
  year             = {2018},
  url              = {https://hc.apache.org/httpcomponents-client-ga/tutorial/html/fluent.html},
  language         = {English},
  organization     = {The Apache Software Foundation},
  urldate          = {2018-12-06},
}

@online{github:roslyn,
  author           = {{.NET Foundation}},
  title            = {Roslyn GitHub repository},
  year             = {2018},
  url              = {https://github.com/dotnet/roslyn},
  language         = {English},
  organization     = {Microsoft},
  urldate          = {2018-12-06},
}

@online{github:jaiPrimer,
  author           = {Jan Šedivý and Orestes and Jorge Rodriguez and Konstantin Đorđević and Jimmi Holst Christensen and Robert D. Blanchet Jr. and Olof Bjarnason and Anton Dyudin and Frank Farmer},
  title            = {Arbitrary Compile-Time Code Execution},
  year             = {2018},
  url              = {https://github.com/BSVino/JaiPrimer/blob/master/JaiPrimer.md#arbitrary-compile-time-code-execution},
  language         = {English},
  urldate          = {2018-12-06},
}

@online{moby:mm,
  author           = {Tony Van},
  title            = {Maniac Mansion},
  year             = {2000},
  url              = {https://www.mobygames.com/game/dos/maniac-mansion},
  language         = {English},
  organization     = {MobyGames},
  urldate          = {2018-12-06},
}

@online{pop:functional:definition,
  author           = {Sean Toner},
  title            = {Functional Programming Is Not What You (Probably) Think},
  year             = {2017},
  month            = {1},
  url              = {https://dzone.com/articles/functional-programming-is-not-what-you-probably-th},
  language         = {English},
  organization     = {DZone},
  urldate          = {2018-12-06},
}

@online{pop:functional:sucks,
  author           = {zo0ok},
  title            = {Functional Programming Sucks! (it is slow)},
  year             = {2017},
  month            = {6},
  url              = {https://techfindings.one/archives/2679},
  language         = {English},
  organization     = {TechFindings},
  urldate          = {2018-12-06},
}

@online{pop:functional:slow,
  author           = {Jon Harrop},
  title            = {compilation - Are functional languages inherently slow?},
  year             = {2012},
  month            = {6},
  url              = {https://stackoverflow.com/questions/516301/are-functional-languages-inherently-slow},
  language         = {English},
  organization     = {StackOverflow},
  urldate          = {2018-12-06},
}

@book{nystrom2014game,
  title={Game programming patterns},
  author={Nystrom, Robert},
  year={2014},
  publisher={Genever Benning}
}

@article{maggiore2009game,
  title={Game Programming as a Non-Threatening Introduction to Functional Languages},
  author={Maggiore, Giuseppe and Costantini, Giulia and Cortesi, Agostino},
  journal={C. HERMANN; T. LAUER},
  year={2009},
  publisher={Citeseer}
}

@online{edds2016whyFunctional,
  author           = {Bryan Edds},
  title            = {Why Functional Programming Works for Games},
  year             = {2016},
  month            = {6},
  url              = {https://medium.com/@bryanedds/functional-game-programming-can-work-95ed0df14f77},
  language         = {English},
  urldate          = {2018-12-06},
}

@book{albahari2017c,
  title={C\# 7.0 in a Nutshell: The Definitive Reference},
  author={Albahari, Joseph and Albahari, Ben},
  year={2017},
  publisher={" O'Reilly Media, Inc."}
}

@book{raffles2018history,
  title={The history of Java},
  author={Raffles, Thomas Stamford},
  volume={1},
  year={2018},
  publisher={BoD--Books on Demand}
}

@article{api-evaluation,
  title={API Evaluation},
  author={Barth, Michael},
  journal={An overview of API evaluation techniques},
  year={2011}
}

@inproceedings{ko2003development,
  title={Development and evaluation of a model of programming errors},
  author={Ko, Andrew Jensen and Myers, Brad A},
  booktitle={Human Centric Computing Languages and Environments, 2003. Proceedings. 2003 IEEE Symposium on},
  pages={7--14},
  year={2003},
  organization={IEEE}
}

@book{gregg2014systems,
  title={Systems performance: enterprise and the cloud},
  author={Gregg, Brendan},
  year={2014},
  publisher={Pearson Education}
}

@online{dotnet-crossplatform,
  author           = {Maira Wenzel and et al.},
  title            = {Developing for Multiple Platforms with the {.NET} Framework},
  year             = {2018},
  month            = {7},
  url              = {https://docs.microsoft.com/en-us/dotnet/standard/cross-platform/},
  language         = {English},
  urldate          = {2018-12-11},
}

@online{arcadia:itch.io,
  author           = {Parker, Joseph},
  title            = {selfsame/fermi-jam: Arcadia Unity game project for itch.io/jam/fermi-paradox-ham},
  year             = {2016},
  month            = {9},
  url              = {https://github.com/selfsame/fermi-jam},
  language         = {English},
  urldate          = {2018-12-11},
}

@online{arcadia:lisp:game:jam,
  author           = {Parker, Joseph},
  title            = {selfsame/lisp-jam: Unity/Arcadia game for \#LispGamJam},
  year             = {2016},
  month            = {8},
  url              = {https://github.com/selfsame/lisp-jam},
  language         = {English},
  urldate          = {2018-12-11},
}

@online{arcadia:forest,
  author           = {Becker, Sal},
  title            = {MysteryMachine/if-a-tree-falls-in-the-forest},
  year             = {2015},
  month            = {9},
  url              = {https://github.com/MysteryMachine/if-a-tree-falls-in-the-forest},
  language         = {English},
  urldate          = {2018-12-11},
}

@online{arcadia:tutorial,
  author           = {{Arcadia Unity}},
  title            = {arcadia-unity/fighter-tutorial: Arcadia tutorial for Clojure programmers.},
  year             = {2018},
  month            = {1},
  url              = {https://github.com/arcadia-unity/fighter-tutorial},
  language         = {English},
  urldate          = {2018-12-11},
}

@online{clojure:concurrent,
  author           = {Tom Hickey and Rich Hickey},
  title            = {Clojure - Concurrent Programming},
  year             = {2018},
  month            = {12},
  url              = {https://clojure.org/about/concurrent_programming},
  language         = {English},
  urldate          = {2018-12-11},
}

@online{ludiq:comparison,
  author           = {Ludiq},
  title            = {Compare visual scripting tools for Unity},
  year             = {2018},
  url              = {https://ludiq.io/bolt/compare},
  language         = {English},
  urldate          = {2018-12-11},
}

@online{unity:blog:shaderGraph,
  author           = {Tim Cooper},
  title            = {Introduction to Shader Graph: Build your shaders with a visual editor},
  year             = {2018},
  url              = {https://blogs.unity3d.com/2018/02/27/introduction-to-shader-graph-build-your-shaders-with-a-visual-editor/},
  language         = {English},
  urldate          = {2018-12-11},
}

@online{unreal:blueprint,
  author           = {Karan Parikh},
  title            = {{Is Blueprint Script Really Much Slower Than C++ in Unreal Engine 4?}},
  year             = {2018},
  url              = {https://www.quora.com/Is-Blueprint-Script-Really-Much-Slower-Than-C++-in-Unreal-Engine-4},
  language         = {English},
  organisation     = {Quora},
  urldate          = {2018-12-12},
}

@online{unreal:blueprint:performance,
  author           = {Jonathan Dorman},
  title            = {{Blueprint FAQ and Tips}},
  year             = {2014},
  url              = {https://wiki.unrealengine.com/Blueprint_FAQ_and_Tips},
  language         = {English},
  urldate          = {2018-12-12},
}

@online{unreal:blueprint:intro,
  author           = {{Unreal}},
  title            = {Introduction to Blueprints},
  year             = {2018},
  url              = {https://docs.unrealengine.com/en-US/Engine/Blueprints/GettingStarted},
  language         = {English},
  urldate          = {2018-12-12},
}

@online{wiki:rage,
  author           = {{Wikipedia}},
  title            = {Rockstar Advanced Game Engine},
  year             = {2018},
  url              = {https://en.wikipedia.org/wiki/Rockstar_Advanced_Game_Engine},
  language         = {English},
  urldate          = {2018-12-13},
}

@online{wowhead:addon,
  author           = {GalacticGlum},
  organization     = {wowhead},
  title            = {WoW Addon Writing Guide Part One: How to make your first addon},
  year             = {2018},
  url              = {https://www.wowhead.com/guide=1949/wow-addon-writing-guide-part-one-how-to-make-your-first-addon},
  language         = {English},
  urldate          = {2018-12-13},
}

@online{lumberyard:lua,
  author           = {{Amazon Web Services}},
  title            = {Lua Editor - Lumberyard},
  year             = {2018},
  url              = {https://docs.aws.amazon.com/lumberyard/latest/userguide/lua-editor-debugger.html},
  language         = {English},
  urldate          = {2018-12-13},
}

@online{lumberyard:beta,
  author           = {{Amazon Web Services}},
  title            = {Lumberyard Release Notes - Lumberyard},
  year             = {2018},
  url              = {https://docs.aws.amazon.com/lumberyard/latest/releasenotes/lumberyard-relnotes-intro.html},
  language         = {English},
  urldate          = {2018-12-13},
}

@online{js:ge,
  author           = {Mike McQuaid},
  title            = {{Collection: JavaScript Game Engines}},
  year             = {2018},
  url              = {https://github.com/collections/javascript-game-engines},
  language         = {English},
  urldate          = {2018-12-13},
}

@online{unreal:mono-ue,
  author           = {MonoUE and Mikayla Hutchinson},
  title            = {{MonoUE | Mono for Unreal Engine is a plugin for Unreal Engine that allows writing gameplay code with C\# and F\#}},
  year             = {2018},
  url              = {https://mono-ue.github.io},
  language         = {English},
  organisation     = {MonoUE},
  urldate          = {2018-12-13},
}

@online{js:v8,
  author           = {Thibault Laurens},
  title            = {{How the V8 engine works?}},
  year             = {2018},
  url              = {http://thibaultlaurens.github.io/javascript/2013/04/29/how-the-v8-engine-works/},
  language         = {English},
  urldate          = {2018-12-13},
}

@online{js:ionmonkey,
  author           = {{MozillaWiki}},
  title            = {{IonMonkey}},
  year             = {2018},
  url              = {https://wiki.mozilla.org/IonMonkey},
  language         = {English},
  urldate          = {2018-12-13},
}

@online{sestoft:multicore_performance,
  author           = {Peter Sestoft},
  title            = {A multicore performance mystery solved},
  year             = {2017},
  url              = {https://www.itu.dk/~sestoft/papers/cpucache-20170319.pdf},
  language         = {English},
  urldate          = {2018-12-13},
}

@article{mccabe1976complexity,
  title={A complexity measure},
  author={McCabe, Thomas J},
  journal={IEEE Transactions on software Engineering},
  number={4},
  pages={308--320},
  year={1976},
  publisher={IEEE}
}

@online{msdn:csharp-goto,
  author            = {Maira Wenzel and Luke Latham and Bill Wagner and Aymeric A and Matt Hoffman and Mike B},
  title             = {{goto (C\# Reference)}},
  year              = {2018},
  month             = {12},
  day               = {10},
  url               = {https://docs.microsoft.com/en-us/dotnet/csharp/language-reference/keywords/goto},
  language          = {English},
  urldate           = {2018-12-17},
}

@online{msdn:csharp-jump,
  author            = {Anthony D. Green},
  title             = {{Statements}},
  year              = {2017},
  month             = {07},
  day               = {01},
  url               = {https://docs.microsoft.com/en-us/dotnet/csharp/language-reference/language-specification/statements#jump-statements},
  language          = {English},
  urldate           = {2018-12-17},
}

@online{msdn:cpp-goto,
  author            = {Mike B and Colin Robertson and Matthew Sebolt and Mike Jones and Gordon Hogenson},
  title             = {{goto Statement (C++)}},
  year              = {2018},
  month             = {10},
  day               = {29},
  url               = {https://docs.microsoft.com/en-us/cpp/cpp/goto-statement-cpp?view=vs-2017},
  language          = {English},
  urldate           = {2018-12-17},
}

@article{bandi2003interface-size-metric,
  title={Predicting maintenance performance using object-oriented design complexity metrics},
  author={Bandi, Rajendra K. and Vaishnavi, Vijay K. and Turk, Daniel E.},
  journal={IEEE transactions on Software Engineering},
  volume={29},
  number={1},
  pages={77--87},
  year={2003},
  publisher={IEEE}
}

@online{stack:compilation:speed,
  author            = {{Dimitri C.}},
  title             = {{C\# compilation time for lange projects (compated to C++)}},
  year              = {2009},
  month             = {6},
  day               = {30},
  url               = {https://stackoverflow.com/questions/1062140/c-sharp-compilation-time-for-large-projects-compared-to-c},
  language          = {English},
  urldate           = {2018-12-17},
}

@inproceedings{mikhajlov1998study,
  title             = {A study of the fragile base class problem},
  author            = {Mikhajlov, Leonid and Sekerinski, Emil},
  booktitle         = {European Conference on Object-Oriented Programming},
  pages             = {355--382},
  year              = {1998},
  organization      = {Springer}
}

@online{bilal@IsInheritanceDead,
  author            = {Nehme Bilal},
  title             = {{Is Inheritance Dead? A Detailed Look Into the Decorator Pattern}},
  year              = {2016},
  month             = {12},
  day               = {07},
  url               = {https://dzone.com/articles/is-inheritance-dead},
  language          = {English},
  urldate           = {2019-01-02},
}

@online{unity:vector,
  author            = {{Unity Technologies}},
  title             = {{UnityCsReference/Vector3.cs at master}},
  year              = {2018},
  month             = {7},
  day               = {27},
  url               = {https://github.com/Unity-Technologies/UnityCsReference/blob/master/Runtime/Export/Vector3.cs},
  language          = {English},
  urldate           = {2019-01-02},
}

@InProceedings{pablo:e-game,
  author            = {Moreno-Ger, Pablo and Mart{\'i}nez-Ortiz, Iv{\'a}n and Sierra, Jos{\'e} Luis and Manj{\'o}n, Baltasar Fern{\'a}ndez},
  editor            = {Harper, Richard and Rauterberg, Matthias and Combetto, Marco},
  title             = {{Language-Driven Development of Videogames: The <e-Game> Experience}},
  booktitle         = {Entertainment Computing - ICEC 2006},
  year              = "2006",
  publisher         = "Springer Berlin Heidelberg",
  address           = "Berlin, Heidelberg",
  pages             = "153--164",
  isbn              = "978-3-540-45261-4"
}

@InProceedings{cog-dim-tradeoffs,
author="Blackwell, A. F.
and Britton, C.
and Cox, A.
and Green, T. R. G.
and Gurr, C.
and Kadoda, G.
and Kutar, M. S.
and Loomes, M.
and Nehaniv, C. L.
and Petre, M.
and Roast, C.
and Roe, C.
and Wong, A.
and Young, R. M.",
editor="Beynon, Meurig
and Nehaniv, Chrystopher L.
and Dautenhahn, Kerstin",
title="Cognitive Dimensions of Notations: Design Tools for Cognitive Technology",
booktitle="Cognitive Technology: Instruments of Mind",
year="2001",
publisher="Springer Berlin Heidelberg",
address="Berlin, Heidelberg",
pages="325--341"
}

@online{mcleod:validity,
  author            = {Saul McLeod},
  title             = {{What is validity?}},
  year              = {2013},
  url               = {https://www.simplypsychology.org/validity.html},
  language          = {English},
  urldate           = {2019-01-04},
}

@online{rpgmaker,
  author   = {{Kadokawa Corp. and Degica}},
  title    = {{Make Your Own Games with RPGMaker}},
  url      = {http://www.rpgmakerweb.com/},
  urldate  = {2019-01-08},
  year     = {2018},
  language = {English}
}

@online{adventure:game:studio,
  author   = {{Adventure Game Studio}},
  title    = {{Adventure Game Studio}},
  url      = {https://www.adventuregamestudio.co.uk/},
  urldate  = {2019-01-08},
  year     = {2019},
  language = {English}
}

@online{mugen,
  author   = {{Nick Mead}},
  title    = {{M.U.G.E.N - Download}},
  url      = {https://mugen.en.softonic.com/},
  urldate  = {2019-01-08},
  year     = {2019},
  language = {English}
}


@article{papago-api-availability,
  title={PapaGo - A graphics API built on top of Vulkan, developed with a focus on programmability},
  author={Alexander Brandborg and Claus Worm Wiingreen and Anders Munkgaard and Michael Wit Dolatko},
  year={2018},
  publisher={AAU}
}

@online{unreal@blueprintNativiziation,
  author   = {{Epic Games}},
  title    = {Nativizing Blueprints},
  url      = {https://docs.unrealengine.com/en-US/Engine/Blueprints/TechnicalGuide/NativizingBlueprints},
  urldate  = {2019-01-08},
  year     = {2019},
  language = {English}
}

@online{smalltalk:reflection,
  author   = {Andrew P. Black and Stéphane Ducasse and Oscar Nierstrasz and Damien Pollet and Damien Cassou and Marcus Denker},
  title    = {Pharo by Example},
  url      = {http://pharo.gforge.inria.fr/PBE1/PBE1ch15.html},
  urldate  = {2019-01-08},
  year     = {2011},
  month    = {05},
  day      = {14},
  language = {English}
}

@online{gnu@bash,
  author   = {{GNU}},
  title    = {GNU Bash},
  url      = {https://www.gnu.org/software/bash/},
  urldate  = {2019-01-09},
  year     = {2017},
  language = {English}
}

@online{burd@understandingMonads,
  author   = {Barry Burd},
  title    = {Understanding Monads. A Guide for the Perplexed},
  url      = {https://www.infoq.com/articles/Understanding-Monads-guide-for-perplexed},
  urldate  = {2019-01-09},
  year     = {2017},
  language = {English}
}

@online{oleg@monadProgrammingScheme,
  author   = {{oleg-at-okmij.org}},
  title    = {Monadic Programming in Scheme},
  url      = {http://okmij.org/ftp/Scheme/monad-in-Scheme.html},
  urldate  = {2019-01-09},
  year     = {2005},
  language = {English}
}

@online{unity:autoupgrade,
  author   = {Lucas Meijer},
  title    = {Unity 5: API changes \& automatic script updating},
  url      = {https://blogs.unity3d.com/2014/06/23/unity5-api-changes-automatic-script-updating/},
  urldate  = {2019-01-10},
  organization = {Unity},
  year     = {2014},
  language = {English}
}

@article{DBLP:journals/cl/Tremblay-lenient,
  author    = {Guy Tremblay},
  title     = {Lenient evaluation is neither strict nor lazy},
  journal   = {Comput. Lang.},
  volume    = {26},
  number    = {1},
  pages     = {43--66},
  year      = {2000},
  url       = {https://doi.org/10.1016/S0096-0551(01)00006-6},
  doi       = {10.1016/S0096-0551(01)00006-6},
  timestamp = {Thu, 18 May 2017 09:55:03 +0200},
  biburl    = {https://dblp.org/rec/bib/journals/cl/Tremblay00},
  bibsource = {dblp computer science bibliography, https://dblp.org}
}

@article{DBLP:journals/cl/Tremblay-parallel,
  author    = {Guy Tremblay and
               Bruno Malenfant},
  title     = {Lenient evaluation and parallelism},
  journal   = {Comput. Lang.},
  volume    = {26},
  number    = {1},
  pages     = {27--41},
  year      = {2000},
  url       = {https://doi.org/10.1016/S0096-0551(01)00007-8},
  doi       = {10.1016/S0096-0551(01)00007-8},
  timestamp = {Thu, 18 May 2017 09:55:03 +0200},
  biburl    = {https://dblp.org/rec/bib/journals/cl/TremblayM00},
  bibsource = {dblp computer science bibliography, https://dblp.org}
}

@online{gta5:malware:engadget,
  author   = {Timothy J. Seppala},
  title    = {A few '{GTA V}' mods are installing malware on PCs},
  url      = {https://www.engadget.com/2015/05/15/gtav-pc-mods-malware/},
  urldate  = {2019-01-10},
  organization = {engadget},
  year     = {2015},
  language = {English}
}

@online{gta5:malware:inquisitir,
  author   = {Scott Grill},
  title    = {Some ‘{GTA V}’ Mods Install Malware, Which Ones To Avoid},
  url      = {https://www.inquisitr.com/2090089/some-gta-v-mods-install-malware-which-ones-to-avoid/},
  urldate  = {2019-01-10},
  organization = {Inquisitir},
  year     = {2015},
  language = {English}
}

@techreport{p92018gameplay,
  title={An Analysis of Gameplay Programming Languages in Free-To-Use Game Engines},
  author={Morell, Tobias and Andersen, Malte Emil Rosenbjerg and Jensen, Thor Steen and McCollin, Thomas Gwynfryn and van Bolhuis, Daniel Dirk Albert},
  year={2019},
  url = {https://projekter.aau.dk/projekter/da/studentthesis/en-analyse-af-spilopfoerselsprogrammeringssprog-i-gratisatbruge-spilmotorer(99442369-1b23-4deb-b99d-060ae5cd5db2).html},
  institution={Aalborg University}
}

@article{bird1997more,
  title={More haste, less speed: lazy versus eager evaluation},
  author={Bird, Richard and Jones, Geraint and De Moor, Oege},
  journal={Journal of Functional Programming},
  volume={7},
  number={5},
  pages={541--547},
  year={1997},
  publisher={Cambridge University Press}
}
@article{glauert1993new,
  title={A new process model for functions},
  author={Glauert, J and Leth, L and Thomsen, B},
  journal={Term Graph Rewriting: Theory and Practice},
  pages={269--282},
  year={1993}
}

@online{csharp:unchecked,
  author   = {Microsoft Docs},
  title    = {unchecked keyword - C\# Reference},
  url      = {https://docs.microsoft.com/en-us/dotnet/csharp/language-reference/keywords/unchecked},
  urldate  = {2019-02-26},
  organization = {Inquisitir},
  year     = {2018},
  month    = {12},
  day      = {10},
  language = {English}
}

@article{baker1977incremental,
  title={The incremental garbage collection of processes},
  author={Baker Jr, Henry C and Hewitt, Carl},
  journal={ACM Sigplan Notices},
  volume={12},
  number={8},
  pages={55--59},
  year={1977},
  publisher={ACM}
}

@article{maraffi:frp,
  title={Leveling Up: Could Functional Programming Be a Game Changer?},
  author={Maraffi, Christopher and Seagal, David}
}

@article{michael2003indie,
  title={Indie Game Development Survival Guide (Game Development Series)},
  author={Michael, David},
  year={2003},
  publisher={$\{$Charles River Media$\}$}
}

@inproceedings{mcgill2009defining,
  title={Defining the expectation gap: a comparison of industry needs and existing game development curriculum},
  author={McGill, Monica M},
  booktitle={Proceedings of the 4th International Conference on Foundations of Digital Games},
  pages={129--136},
  year={2009},
  organization={ACM}
}

@inproceedings{hewner2010game,
  title={What game developers look for in a new graduate: interviews and surveys at one game company},
  author={Hewner, Michael and Guzdial, Mark},
  booktitle={Proceedings of the 41st ACM technical symposium on Computer science education},
  pages={275--279},
  year={2010},
  organization={ACM}
}

@InProceedings{ElliottHudak97:Fran,
   title        = {Functional Reactive Animation},
   url          = {http://conal.net/papers/icfp97/},
   author       = "Conal Elliott and Paul Hudak",
   booktitle    = "International Conference on Functional Programming",
   year         = 1997
 }

 @article{cheong2005functional,
  title={Functional programming and 3D games},
  author={Cheong, Mun Hon},
  journal={BEng thesis, University of New South Wales, Sydney, Australia},
  year={2005},
  publisher={Citeseer}
}

@inproceedings{courtney2003yampa,
  title={The yampa arcade},
  author={Courtney, Antony and Nilsson, Henrik and Peterson, John},
  booktitle={Proceedings of the 2003 ACM SIGPLAN workshop on Haskell},
  pages={7--18},
  year={2003},
  organization={ACM}
}

@online{singh:frp,
  author                   = {Navdeep Singh},
  title                    = {A quick introduction to Functional Reactive Programming (FRP)},
  year                     = {2018},
  month                    = {3},
  day                      = {11},
  url                      = {https://medium.freecodecamp.org/functional-reactive-programming-frp-imperative-vs-declarative-vs-reactive-style-84878272c77f},
  language                 = {English},
  organization             = {Medium},
  urldate                  = {2019-03-05},
}

@online{lettier:frp,
  author                   = {Lettier},
  title                    = {Your Easy Guide to Fucntional Reactive Programming (FRP)},
  year                     = {2018},
  month                    = {10},
  day                      = {23},
  url                      = {https://medium.com/@lettier/functional-reactive-programming-a0c7b08f6b67},
  language                 = {English},
  organization             = {Medium},
  urldate                  = {2019-03-05},
}

@online{rey:frp,
  author                   = {Eric Rey},
  title                    = {Functional Reactive Programming explained in a simple way, in JavaScript... yes, in a simple way.},
  year                     = {2018},
  month                    = {6},
  day                      = {20},
  url                      = {https://itnext.io/functional-reactive-programming-explained-in-a-simple-way-in-javascript-yes-in-a-simple-way-925b14cddf75},
  language                 = {English},
  organization             = {Medium},
  urldate                  = {2019-03-05},
}

@article{hu2015functional,
  title={How functional programming mattered},
  author={Hu, Zhenjiang and Hughes, John and Wang, Meng},
  journal={National Science Review},
  volume={2},
  number={3},
  pages={349--370},
  year={2015},
  publisher={Oxford University Press}
}

@article{benyon2014designing,
  title={Designing interactive systems: A comprehensive guide to HCI, UX and interaction design},
  author={Benyon, David},
  year={2014},
  publisher={Pearson Edinburgh}
}

@inproceedings{kjeldskov2004instant,
  title={Instant data analysis: conducting usability evaluations in a day},
  author={Kjeldskov, Jesper and Skov, Mikael B and Stage, Jan},
  booktitle={Proceedings of the third Nordic conference on Human-computer interaction},
  pages={233--240},
  year={2004},
  organization={ACM}
}

@article{brent1974parallel,
  title={The parallel evaluation of general arithmetic expressions},
  author={Brent, Richard P},
  journal={Journal of the ACM (JACM)},
  volume={21},
  number={2},
  pages={201--206},
  year={1974},
  publisher={ACM}
}

@article{Blelloch:1996:PPA:prog-para-algo,
 author = {Blelloch, Guy E.},
 title = {Programming Parallel Algorithms},
 journal = {Commun. ACM},
 issue_date = {March 1996},
 volume = {39},
 number = {3},
 month = mar,
 year = {1996},
 issn = {0001-0782},
 pages = {85--97},
 numpages = {13},
 url = {http://doi.acm.org/10.1145/227234.227246},
 doi = {10.1145/227234.227246},
 acmid = {227246},
 publisher = {ACM},
 address = {New York, NY, USA},
}

@book{DBLP:books/daglib/intro-algo,
  author    = {Thomas H. Cormen and
               Charles E. Leiserson and
               Ronald L. Rivest and
               Clifford Stein},
  title     = {Introduction to Algorithms, 3rd Edition},
  publisher = {{MIT} Press},
  year      = {2009},
  url       = {http://mitpress.mit.edu/books/introduction-algorithms},
  isbn      = {978-0-262-03384-8},
  timestamp = {Fri, 12 May 2017 13:30:20 +0200},
  biburl    = {https://dblp.org/rec/bib/books/daglib/0023376},
  bibsource = {dblp computer science bibliography, https://dblp.org}
}

@book{DBLP:books/daglib/para-algo,
  author    = {Henri Casanova and
               Arnaud Legrand and
               Yves Robert},
  title     = {Parallel Algorithms},
  publisher = {{CRC} Press},
  year      = {2008},
  url       = {http://www.crcpress.com/product/isbn/9781584889458},
  isbn      = {978-1-58488-945-8},
  timestamp = {Tue, 20 Aug 2013 18:59:58 +0200},
  biburl    = {https://dblp.org/rec/bib/books/daglib/0031448},
  bibsource = {dblp computer science bibliography, https://dblp.org}
}

@Inbook{Gustafson2011,
    author="Gustafson, John L.",
    editor="Padua, David",
    title="Brent's Theorem",
    bookTitle="Encyclopedia of Parallel Computing",
    year="2011",
    publisher="Springer US",
    address="Boston, MA",
    pages="182--185",
    isbn="978-0-387-09766-4",
    doi="10.1007/978-0-387-09766-4_80",
    url="https://doi.org/10.1007/978-0-387-09766-4_80"
}

@article{kieburtz1999taming,
  title={Taming effects with monadic typing},
  author={Kieburtz, Richard B},
  journal={ACM SIGPLAN Notices},
  volume={34},
  number={1},
  pages={51--62},
  year={1999},
  publisher={ACM}
 }

 @inproceedings{krogh2017relational,
  title={A relational model of types-and-effects in higher-order concurrent separation logic},
  author={Krogh-Jespersen, Morten and Svendsen, Kasper and Birkedal, Lars},
  booktitle={ACM SIGPLAN Notices},
  volume={52},
  number={1},
  pages={218--231},
  year={2017},
  organization={ACM}
}

@incollection{nielson1999type,
  title={Type and effect systems},
  author={Nielson, Flemming and Nielson, Hanne Riis and Hankin, Chris},
  booktitle={Principles of Program Analysis},
  pages={283--363},
  year={1999},
  publisher={Springer}
}

@online{rust:lang,
  author                   = {Rust Docs Team},
  title                    = {Rust Documentation},
  year                     = {2013},
  month                    = {04},
  day                      = {07},
  url                      = {https://doc.rust-lang.org/},
  language                 = {English},
  organization             = {Rust Docs Team},
  urldate                  = {2019-03-11},
}

@inproceedings{birkedal2012concurrent,
  title={A concurrent logical relation},
  author={Birkedal, Lars and Sieczkowski, Filip and Thamsborg, Jacob},
  booktitle={Computer Science Logic (CSL'12)-26th International Workshop/21st Annual Conference of the EACSL},
  year={2012},
  organization={Schloss Dagstuhl-Leibniz-Zentrum fuer Informatik}
}

@inproceedings{blackwell2004champagne,
  title={Champagne prototyping: A Research technique for early evaluation of complex end-user programming systems},
  author={Blackwell, Alan F and Burnett, Margaret M and Jones, Simon Peyton},
  booktitle={2004 IEEE Symposium on Visual Languages-Human Centric Computing},
  pages={47--54},
  year={2004},
  organization={IEEE}
}

@inproceedings{blackwell2002first,
  title={First steps in programming: A rationale for attention investment models},
  author={Blackwell, Alan F},
  booktitle={Proceedings IEEE 2002 Symposia on Human Centric Computing Languages and Environments},
  pages={2--10},
  year={2002},
  organization={IEEE}
}
@online{fsharp2019plugin,
    author      = {Malte Rosenbjerg},
    title       = {Unity F\# integration},
    year        = {2019},
    month       = {03},
    day         = {29},
    url         = {https://github.com/sppt-2k19/unity-fsharp-integration},
    language    = {English},
    urldate     = {2019-04-02},
}

@online{unity:optimisation,
    author      = {Unity Technologies},
    title       = {Optimizing garbage collection in Unity games},
    year        = {2018},
    month       = {05},
    day         = {03},
    url         = {https://unity3d.com/learn/tutorials/topics/performance-optimization/optimizing-garbage-collection-unity-games},
    language    = {English},
    urldate     = {2019-04-02},
}

@online{unity:heap,
    author      = {Unity Technologies},
    title       = {Optimizing garbage collection in Unity games},
    year        = {2018},
    month       = {12},
    day         = {04},
    url         = {https://docs.unity3d.com/Manual/BestPracticeUnderstandingPerformanceInUnity4-1.html},
    language    = {English},
    urldate     = {2019-04-02},
}

@online{unity:fsharp,
    author      = {Unity Technologies},
    title       = {Unity Feedback - F\# Support},
    year        = {2013},
    month       = {07},
    day         = {28},
    url         = {https://web.archive.org/web/20180408181140/https://feedback.unity3d.com/suggestions/f-support},
    language    = {English},
    urldate     = {2019-04-02},
}

@article{boehm2007transparent,
  title={Transparent Programmer-Directed Garbage Collection for C+},
  author={Boehm, Hans-J and Spertus, Michael},
  journal={URL: http://www.open-std.org/jtc1/sc22/wg21/docs/papers},
  number={2310},
  year={2007}
}

@book{sestoft2017programming,
  title={Programming language concepts},
  author={Sestoft, Peter},
  year={2017},
  publisher={Springer}
}

@online{dotnet:gc,
    author      = {Microsoft Docs},
    title       = {Fundamentals of garbage collection},
    year        = {2018},
    month       = {08},
    day         = {03},
    url         = {https://docs.microsoft.com/en-us/dotnet/standard/garbage-collection/fundamentals},
    language    = {English},
    urldate     = {2019-04-02},
}

@online{mono:gc,
    author      = {Mono Project},
    title       = {Generational GC},
    year        = {2019},
    month       = {02},
    day         = {08},
    url         = {https://www.mono-project.com/docs/advanced/garbage-collector/sgen/},
    language    = {English},
    urldate     = {2019-04-08},
}

@online{il2cpp:gc,
    author      = {Josh Peterson},
    title       = {IL2CPP Internals - Garbage collector integration},
    year        = {2015},
    month       = {07},
    day         = {09},
    url         = {https://blogs.unity3d.com/2015/07/09/il2cpp-internals-garbage-collector-integration/},
    language    = {English},
    urldate     = {2019-04-08},
}

@online{unity:roadmap,
    author      = {Unity Technologies},
    title       = {Roadmap - Unity},
    year        = {2019},
    month       = {03},
    day         = {31},
    url         = {https://unity3d.com/unity/roadmap},
    language    = {English},
    urldate     = {2019-04-08},
}

@online{unity:runtime:calls,
    author      = {Valentin Simonov},
    title       = {10000 Update() calls},
    year        = {2015},
    month       = {12},
    day         = {23},
    url         = {https://blogs.unity3d.com/2015/12/23/1k-update-calls/},
    language    = {English},
    urldate     = {2019-04-08},
}

@online{unity:mono:github,
    author      = {Unity Technologies},
    title       = {Mono: Mono open source ECMA CLI, C\# and .NET implementation.},
    year        = {2019},
    month       = {03},
    day         = {11},
    url         = {https://github.com/Unity-Technologies/mono},
    language    = {English},
    urldate     = {2019-04-12},
}

@online{unity:csharp:job:system,
    author      = {Unity Technologies},
    title       = {Unity - Manual: C\# Job System},
    year        = {2019},
    month       = {04},
    day         = {15},
    url         = {https://docs.unity3d.com/Manual/JobSystem.html},
    language    = {English},
    urldate     = {2019-04-29},
}

@online{unity:ecs,
    author      = {Unity Technologies},
    title       = {Introduction to the Entity Component System and C\# Job System},
    year        = {2018},
    month       = {06},
    day         = {07},
    url         = {https://unity3d.com/learn/tutorials/topics/scripting/introduction-entity-component-system-and-c-job-system},
    language    = {English},
    urldate     = {2019-04-29},
}

@online{unity:async,
    author      = {Steve Vermeulen},
    title       = {Async-Await instead of coroutines in Unity 2017},
    year        = {2017},
    month       = {09},
    day         = {23},
    url         = {http://www.stevevermeulen.com/index.php/2017/09/using-async-await-in-unity3d-2017/},
    language    = {English},
    urldate     = {2019-04-30},
}

@online{csharp:async,
    author      = {Microsoft Docs},
    title       = {The Task asynchronous programming model in C\#},
    year        = {2019},
    month       = {03},
    day         = {26},
    url         = {https://docs.microsoft.com/en-us/dotnet/csharp/programming-guide/concepts/async/},
    language    = {English},
    urldate     = {2019-04-30},
}

@online{scene:graph,
    author      = {Garret Foster},
    title       = {Understanding and Implementing Scene Graphs},
    year        = {2013},
    month       = {12},
    day         = {12},
    url         = {http://archive.gamedev.net/archive/reference/programming/features/scenegraph/index.html},
    language    = {English},
    urldate     = {2019-04-30},
}

@online{ecs:general,
    author      = {Mark Jordan},
    title       = {Entities, components and systems},
    year        = {2018},
    month       = {11},
    day         = {20},
    url         = {https://medium.com/ingeniouslysimple/entities-components-and-systems-89c31464240d},
    language    = {English},
    urldate     = {2019-04-30},
}

@article{kindler2011object,
  title     = {Object-oriented simulation of systems with sophisticated control},
  author    = {Kindler, Eugene and Krivy, Ivan},
  journal   = {International Journal of General Systems},
  volume    = {40},
  number    = {3},
  pages     = {313--343},
  year      = {2011},
  publisher = {Taylor \& Francis}
}

@book{mathiassen2000object,
  title     = {Object-oriented analysis \& design},
  author    = {Mathiassen, Lars and Munk-Madsen, Andreas and Nielsen, Peter A and Stage, Jan},
  volume    = {25},
  year      = {2000},
  publisher = {Citeseer}
}
